% Example of bib entry
 @article{gmm,
   title="Adaptive background mixture models for real-		   time tracking.",
   author="C. Stauffer and W. Grimson",
   journal="Computer Vision and Pattern Recognition",
   volume="2",
   pages="2",
   year="1996",
   publisher="IEEE Computer Society Conference"
 }

